# PMT

# reconstruction

# IBD search

# muon spallation