# cerenkov
@incollection{LANNUNZIATA2023823,
title = {Chapter 17 - Cherenkov Radiation},
editor = {Michael F. L'Annunziata},
booktitle = {Radioactivity (Third Edition)},
publisher = {Elsevier},
edition = {Third Edition},
address = {Boston},
pages = {823-864},
year = {2023},
isbn = {978-0-323-90440-7},
doi = {https://doi.org/10.1016/B978-0-323-90440-7.00009-0},
url = {https://www.sciencedirect.com/science/article/pii/B9780323904407000090},
author = {Michael F. L'Annunziata},
}


@article{Liu:2024cxo,
  author  = {Liu, Xuewei and Dou, Wei and Xu, Benda and others},
  title   = {{First-principle event reconstruction by time-charge readouts for TAO}},
  eprint  = {2403.01239},
  doi     = {10.1140/epjc/s10052-025-14161-6},
  journal = {Eur. Phys. J. C},
  volume  = {85},
  number  = {4},
  pages   = {438},
  year    = {2025}
}

@article{SK,
  title   = {The Super-Kamiokande detector},
  journal = {Nuclear Instruments and Methods in Physics Research Section A: Accelerators, Spectrometers, Detectors and Associated Equipment},
  volume  = {501},
  number  = {2},
  pages   = {418-462},
  year    = {2003},
  issn    = {0168-9002},
  doi     = {https://doi.org/10.1016/S0168-9002(03)00425-X},
  url     = {https://www.sciencedirect.com/science/article/pii/S016890020300425X},
  author  = {S. Fukuda and Y. Fukuda, T. Hayakawa, E. Ichihara and others }
}

@article{minibone,
  title   = {The extended-track event reconstruction for MiniBooNE},
  journal = {Nuclear Instruments and Methods in Physics Research Section A: Accelerators, Spectrometers, Detectors and Associated Equipment},
  volume  = {608},
  number  = {1},
  pages   = {206-224},
  year    = {2009},
  issn    = {0168-9002},
  doi     = {https://doi.org/10.1016/j.nima.2009.06.064},
  url     = {https://www.sciencedirect.com/science/article/pii/S0168900209012480},
  author  = {R.B. Patterson and E.M. Laird and Y. Liu and P.D. Meyers and I. Stancu and H.A. Tanaka}
}

@article{SKfiTQun,
  author  = {Jiang, M and Abe, K and Bronner and others on behalf of the Super-Kamiokande Collaboration},
  title   = {Atmospheric neutrino oscillation analysis with improved event reconstruction in Super-Kamiokande IV},
  journal = {Progress of Theoretical and Experimental Physics},
  volume  = {2019},
  number  = {5},
  pages   = {053F01},
  year    = {2019},
  month   = {05},
  issn    = {2050-3911},
  doi     = {10.1093/ptep/ptz015},
  url     = {https://doi.org/10.1093/ptep/ptz015}
}

@article{xuewei,
  title   = {First-principle event reconstruction by time-charge readouts for {TAO}},
  volume  = {85},
  issn    = {1434-6052},
  url     = {https://doi.org/10.1140/epjc/s10052-025-14161-6},
  doi     = {10.1140/epjc/s10052-025-14161-6},
  number  = {4},
  journal = {The European Physical Journal C},
  author  = {Liu, Xuewei and Dou, Wei and Xu, Benda and Wang, Hanwen and Cao, Guofu},
  month   = apr,
  year    = {2025},
  pages   = {438}
}