@article{muon207,
  title    = {{JUNO physics and detector}},
  journal  = {Progress in Particle and Nuclear Physics},
  volume   = {123},
  pages    = {103927},
  year     = {2022},
  issn     = {0146-6410},
  doi      = {https://doi.org/10.1016/j.ppnp.2021.103927},
  url      = {https://www.sciencedirect.com/science/article/pii/S0146641021000880},
  keywords = {JUNO, neutrino physics, neutrino detector}
}

@article{Predict_LS,
  title     = {Predicting neutron production from cosmic-ray muons},
  author    = {Wang, Y.-F. and Balic, V. and Gratta, G. and Fass\`o, A. and Roesler, S. and Ferrari, A.},
  journal   = {Phys. Rev. D},
  volume    = {64},
  issue     = {1},
  pages     = {013012},
  numpages  = {6},
  year      = {2001},
  month     = {Jun},
  publisher = {American Physical Society},
  doi       = {10.1103/PhysRevD.64.013012},
  url       = {https://link.aps.org/doi/10.1103/PhysRevD.64.013012}
}
@article{sno_spnYn,
  title         = {{Cosmogenic neutron production at the Sudbury Neutrino Observatory}},
  author        = {Aharmim, B. and Ahmed, S. N. and others},
  collaboration = {SNO Collaboration},
  journal       = {Phys. Rev. D},
  volume        = {100},
  issue         = {11},
  pages         = {112005},
  numpages      = {15},
  year          = {2019},
  month         = {Dec},
  publisher     = {American Physical Society},
  doi           = {10.1103/PhysRevD.100.112005},
  url           = {https://link.aps.org/doi/10.1103/PhysRevD.100.112005}
}

@article{SK_spnYn,
  author        = {Shinoki, M. and others},
  collaboration = {Super-Kamiokande},
  title         = {{Measurement of the cosmogenic neutron yield in Super-Kamiokande with gadolinium loaded water}},
  doi           = {10.1103/PhysRevD.107.092009},
  journal       = {Phys. Rev. D},
  volume        = {107},
  number        = {9},
  pages         = {092009},
  year          = {2023}
}
@article{spnYn_hertenberge,
  title     = {Muon-induced neutron and pion production in an organic liquid scintillator at a shallow depth},
  author    = {Hertenberger, R. and Chen, M. and Dougherty, B. L.},
  journal   = {Phys. Rev. C},
  volume    = {52},
  issue     = {6},
  pages     = {3449--3459},
  numpages  = {0},
  year      = {1995},
  month     = {Dec},
  publisher = {American Physical Society},
  doi       = {10.1103/PhysRevC.52.3449},
  url       = {https://link.aps.org/doi/10.1103/PhysRevC.52.3449}
}