@incollection{LANNUNZIATA2023823,
  title     = {Chapter 17 - Cherenkov Radiation},
  editor    = {Michael F. L'Annunziata},
  booktitle = {Radioactivity (Third Edition)},
  publisher = {Elsevier},
  edition   = {Third Edition},
  address   = {Boston},
  pages     = {823-864},
  year      = {2023},
  isbn      = {978-0-323-90440-7},
  doi       = {https://doi.org/10.1016/B978-0-323-90440-7.00009-0},
  url       = {https://www.sciencedirect.com/science/article/pii/B9780323904407000090},
  author    = {Michael F. L'Annunziata}
}


@article{Liu:2024cxo,
  author  = {Liu, Xuewei and Dou, Wei and Xu, Benda and others},
  title   = {{First-principle event reconstruction by time-charge readouts for TAO}},
  eprint  = {2403.01239},
  doi     = {10.1140/epjc/s10052-025-14161-6},
  journal = {Eur. Phys. J. C},
  volume  = {85},
  number  = {4},
  pages   = {438},
  year    = {2025}
}

@article{SK,
  title   = {{The Super-Kamiokande detector}},
  journal = {Nucl. Instrum. Meth. A},
  volume  = {501},
  number  = {2},
  pages   = {418-462},
  year    = {2003},
  issn    = {0168-9002},
  doi     = {https://doi.org/10.1016/S0168-9002(03)00425-X},
  url     = {https://www.sciencedirect.com/science/article/pii/S016890020300425X},
  author  = {S. Fukuda and Y. Fukuda, T. Hayakawa, E. Ichihara and others }
}

@article{minibone,
  title   = {{The extended-track event reconstruction for MiniBooNE}},
  journal = {Nucl. Instrum. Meth. A},
  volume  = {608},
  number  = {1},
  pages   = {206-224},
  year    = {2009},
  issn    = {0168-9002},
  doi     = {https://doi.org/10.1016/j.nima.2009.06.064},
  url     = {https://www.sciencedirect.com/science/article/pii/S0168900209012480},
  author  = {R.B. Patterson and E.M. Laird and Y. Liu and P.D. Meyers and I. Stancu and H.A. Tanaka}
}

@article{SKfiTQun,
  author  = {Jiang, M and Abe, K and Bronner and others on behalf of the Super-Kamiokande Collaboration},
  title   = {{Atmospheric neutrino oscillation analysis with improved event reconstruction in Super-Kamiokande IV}},
  journal = {Progress of Theoretical and Experimental Physics},
  volume  = {2019},
  number  = {5},
  pages   = {053F01},
  year    = {2019},
  month   = {05},
  issn    = {2050-3911},
  doi     = {10.1093/ptep/ptz015},
  url     = {https://doi.org/10.1093/ptep/ptz015}
}

@article{prefit,
  title    = {{Reconstruction algorithms in the Super-Kamiokande large water Cherenkov detector}},
  journal  = {Nucl. Instrum. Meth. A},
  volume   = {433},
  number   = {1},
  pages    = {240-246},
  year     = {1999},
  issn     = {0168-9002},
  doi      = {https://doi.org/10.1016/S0168-9002(99)00359-9},
  url      = {https://www.sciencedirect.com/science/article/pii/S0168900299003599},
  author   = {M. Shiozawa},
  keywords = {Atmospheric neutrinos, Proton decays, Super-Kamiokande}
}

@article{Dou:2022,
  author        = {Dou, Wei and Xu, Benda and Zhou, Jianfeng and Wang, Zhe and Chen, Shaomin},
  title         = {{Reconstruction of point events in liquid-scintillator detectors subjected to total internal reflection}},
  eprint        = {2209.10993},
  archiveprefix = {arXiv},
  primaryclass  = {physics.ins-det},
  doi           = {10.1016/j.nima.2023.168692},
  journal       = {Nucl. Instrum. Meth. A},
  volume        = {1057},
  pages         = {168692},
  year          = {2023}
}

# simulation
@article{junosw,
  author        = {Yu, Peidong and others},
  title         = {{Multi-threaded Simulation Software for the JUNO Experiment}},
  eprint        = {2503.20219},
  archiveprefix = {arXiv},
  primaryclass  = {physics.ins-det},
  month         = {3},
  year          = {2025}
}

@article{MCMC,
  title   = {{Data cloning: easy maximum likelihood estimation for complex ecological models using Bayesian Markov chain Monte Carlo methods}},
  author  = { Lele, Subhash R.  and  Dennis, Brian  and  Lutscher, Frithjof },
  journal = {Ecology Letters},
  volume  = {10},
  number  = {7},
  year    = {2007}
}

@article{AIC,
  title   = {{Model Selection and Model Averaging in Phylogenetics: Advantages of Akaike Information Criterion and Bayesian Approaches Over Likelihood Ratio Tests}},
  author  = { David, Posada  and  Buckley, Thomas R },
  journal = {Systematic Biology},
  number  = {5},
  pages   = {793-808},
  year    = {2004}
}

@article{SK4,
  author        = {Abe, K. and others},
  collaboration = {Super-Kamiokande},
  title         = {{Solar Neutrino Measurements in Super-Kamiokande-IV}},
  collaboration = {Super-Kamiokande Collaboration},
  journal       = {Phys. Rev. D},
  volume        = {94},
  issue         = {5},
  pages         = {052010},
  numpages      = {32},
  year          = {2016},
  month         = {Sep},
  publisher     = {American Physical Society},
  doi           = {10.1103/PhysRevD.94.052010},
  url           = {https://link.aps.org/doi/10.1103/PhysRevD.94.052010}
}

@article{SK3,
  title         = {{Solar neutrino results in Super-Kamiokande-III}},
  author        = {Abe, K. and others},
  collaboration = {Super-Kamiokande Collaboration},
  journal       = {Phys. Rev. D},
  volume        = {83},
  issue         = {5},
  pages         = {052010},
  numpages      = {19},
  year          = {2011},
  month         = {Mar},
  publisher     = {American Physical Society},
  doi           = {10.1103/PhysRevD.83.052010},
  url           = {https://link.aps.org/doi/10.1103/PhysRevD.83.052010}
}