@article{KATRIN,
  author  = {KATRIN Collaborationâ€  and Max Aker  and Dominic Batzler  and others},
  title   = {Direct neutrino-mass measurement based on 259 days of KATRIN data},
  journal = {Science},
  volume  = {388},
  number  = {6743},
  pages   = {180-185},
  year    = {2025},
  doi     = {10.1126/science.adq9592},
  url     = {https://www.science.org/doi/abs/10.1126/science.adq9592},
  eprint  = {https://www.science.org/doi/pdf/10.1126/science.adq9592}
}

@article{XU-solar,
  title    = {Solar neutrino physics},
  journal  = {Progress in Particle and Nuclear Physics},
  volume   = {131},
  pages    = {104043},
  year     = {2023},
  issn     = {0146-6410},
  doi      = {https://doi.org/10.1016/j.ppnp.2023.104043},
  url      = {https://www.sciencedirect.com/science/article/pii/S0146641023000248},
  author   = {Xun-Jie Xu and Zhe Wang and Shaomin Chen},
  keywords = {Solar neutrinos, Neutrino oscillations, Non-standard interaction, Sterile neutrinos, Neutrino detection}
}

@article{spallation_isotops,
  title = {{First calculation of cosmic-ray muon spallation backgrounds for MeV astrophysical neutrino signals in Super-Kamiokande}},
  author = {Li, Shirley Weishi and Beacom, John F.},
  journal = {Phys. Rev. C},
  volume = {89},
  issue = {4},
  pages = {045801},
  numpages = {12},
  year = {2014},
  month = {Apr},
  publisher = {American Physical Society},
  doi = {10.1103/PhysRevC.89.045801},
  url = {https://link.aps.org/doi/10.1103/PhysRevC.89.045801}
}
