@article{top_tracker,
  title    = {{The JUNO experiment Top Tracker}},
  journal  = {Nuclear Instruments and Methods in Physics Research Section A: Accelerators, Spectrometers, Detectors and Associated Equipment},
  volume   = {1057},
  pages    = {168680},
  year     = {2023},
  issn     = {0168-9002},
  doi      = {https://doi.org/10.1016/j.nima.2023.168680},
  url      = {https://www.sciencedirect.com/science/article/pii/S0168900223006708},
  author   = {Angel Abusleme and Thomas Adam and Shakeel Ahmad and others},
  keywords = {JUNO, Top Tracker, Plastic scintillator, Photomultiplier, PMT, Multianode, WLS fibre, Neutrino, Muons}
}


@article{juno_yellow_book,
  title   = {{Neutrino physics with JUNO}},
  author  = {An, Fengpeng and An, Guangpeng and An, Qi and others},
  doi     = {10.1088/0954-3899/43/3/030401},
  journal = {Journal of Physics. G, Nuclear and Particle Physics},
  number  = 3,
  volume  = 43,
  place   = {United States},
  year    = {2016},
  month   = {2}
}


@article{PMT-3inch,
  title   = {{Mass production and characterization of 3-inch PMTs for the JUNO experiment}},
  journal = {Nuclear Instruments and Methods in Physics Research Section A: Accelerators, Spectrometers, Detectors and Associated Equipment},
  volume  = {1005},
  pages   = {165347},
  year    = {2021},
  issn    = {0168-9002},
  doi     = {https://doi.org/10.1016/j.nima.2021.165347},
  url     = {https://www.sciencedirect.com/science/article/pii/S0168900221003314},
  author  = {Chuanya Cao and Jilei Xu and Miao He and others}
}