# reconstruction start
# cerenkov
@incollection{LANNUNZIATA2023823,
  title     = {Chapter 17 - Cherenkov Radiation},
  editor    = {Michael F. L'Annunziata},
  booktitle = {Radioactivity (Third Edition)},
  publisher = {Elsevier},
  edition   = {Third Edition},
  address   = {Boston},
  pages     = {823-864},
  year      = {2023},
  isbn      = {978-0-323-90440-7},
  doi       = {https://doi.org/10.1016/B978-0-323-90440-7.00009-0},
  url       = {https://www.sciencedirect.com/science/article/pii/B9780323904407000090},
  author    = {Michael F. L'Annunziata}
}


@article{Liu:2024cxo,
  author  = {Liu, Xuewei and Dou, Wei and Xu, Benda and others},
  title   = {{First-principle event reconstruction by time-charge readouts for TAO}},
  eprint  = {2403.01239},
  doi     = {10.1140/epjc/s10052-025-14161-6},
  journal = {Eur. Phys. J. C},
  volume  = {85},
  number  = {4},
  pages   = {438},
  year    = {2025}
}

@article{SK,
  title   = {{The Super-Kamiokande detector}},
  journal = {Nuclear Instruments and Methods in Physics Research Section A: Accelerators, Spectrometers, Detectors and Associated Equipment},
  volume  = {501},
  number  = {2},
  pages   = {418-462},
  year    = {2003},
  issn    = {0168-9002},
  doi     = {https://doi.org/10.1016/S0168-9002(03)00425-X},
  url     = {https://www.sciencedirect.com/science/article/pii/S016890020300425X},
  author  = {S. Fukuda and Y. Fukuda, T. Hayakawa, E. Ichihara and others }
}

@article{minibone,
  title   = {{The extended-track event reconstruction for MiniBooNE}},
  journal = {Nuclear Instruments and Methods in Physics Research Section A: Accelerators, Spectrometers, Detectors and Associated Equipment},
  volume  = {608},
  number  = {1},
  pages   = {206-224},
  year    = {2009},
  issn    = {0168-9002},
  doi     = {https://doi.org/10.1016/j.nima.2009.06.064},
  url     = {https://www.sciencedirect.com/science/article/pii/S0168900209012480},
  author  = {R.B. Patterson and E.M. Laird and Y. Liu and P.D. Meyers and I. Stancu and H.A. Tanaka}
}

@article{SKfiTQun,
  author  = {Jiang, M and Abe, K and Bronner and others on behalf of the Super-Kamiokande Collaboration},
  title   = {Atmospheric neutrino oscillation analysis with improved event reconstruction in Super-Kamiokande IV},
  journal = {Progress of Theoretical and Experimental Physics},
  volume  = {2019},
  number  = {5},
  pages   = {053F01},
  year    = {2019},
  month   = {05},
  issn    = {2050-3911},
  doi     = {10.1093/ptep/ptz015},
  url     = {https://doi.org/10.1093/ptep/ptz015}
}

@article{xuewei,
  title   = {First-principle event reconstruction by time-charge readouts for {TAO}},
  volume  = {85},
  issn    = {1434-6052},
  url     = {https://doi.org/10.1140/epjc/s10052-025-14161-6},
  doi     = {10.1140/epjc/s10052-025-14161-6},
  number  = {4},
  journal = {The European Physical Journal C},
  author  = {Liu, Xuewei and Dou, Wei and Xu, Benda and Wang, Hanwen and Cao, Guofu},
  month   = apr,
  year    = {2025},
  pages   = {438}
}

@article{Dou:2022,
  author        = {Dou, Wei and Xu, Benda and Zhou, Jianfeng and Wang, Zhe and Chen, Shaomin},
  title         = {{Reconstruction of point events in liquid-scintillator detectors subjected to total internal reflection}},
  eprint        = {2209.10993},
  archiveprefix = {arXiv},
  primaryclass  = {physics.ins-det},
  doi           = {10.1016/j.nima.2023.168692},
  journal       = {Nucl. Instrum. Meth. A},
  volume        = {1057},
  pages         = {168692},
  year          = {2023}
}

# simulation
@article{junosw,
  author        = {Yu, Peidong and others},
  title         = {{Multi-threaded Simulation Software for the JUNO Experiment}},
  eprint        = {2503.20219},
  archiveprefix = {arXiv},
  primaryclass  = {physics.ins-det},
  month         = {3},
  year          = {2025}
}

# reconstruction end

# PMT start
#setup
@article{teledynelecroy,
  title   = {{High-Definition Oscilloscopes Optimize Vertical Resolution}},
  journal = {EE-Evaluation Engineering Online},
  author  = {Nelson and Rick},
  url     = {https://www.electronicdesign.com/technologies/test-measurement/article/21206728/high-definition-oscilloscopes-optimize-vertical-resolution},
  urldate = {Aug. 31, 2016},
  year    = {2016}
}
#PMT

@article{cao_secondary_2021,
  title    = {Secondary electron emission characteristics of the {Al2O3}/{MgO} double-layer structure prepared by atomic layer deposition},
  volume   = {47},
  issn     = {02728842},
  doi      = {10.1016/j.ceramint.2020.12.128},
  language = {en},
  number   = {7},
  urldate  = {2023-05-22},
  journal  = {Ceramics International},
  author   = {Cao, Weiwei and others},
  month    = apr,
  year     = {2021},
  pages    = {9866--9872}
}

@article{Zhang:2023ued,
  author        = {Zhang, Aiqiang and others},
  title         = {{Performance evaluation of the 8-inch MCP-PMT for Jinping Neutrino Experiment}},
  eprint        = {2303.05373},
  archiveprefix = {arXiv},
  primaryclass  = {hep-ex},
  doi           = {10.1016/j.nima.2023.168506},
  journal       = {Nucl. Instrum. Meth. A},
  volume        = {1055},
  pages         = {168506},
  year          = {2023}
}
@article{Luo_2023,
  doi       = {10.1088/1748-0221/18/02/P02004},
  url       = {https://dx.doi.org/10.1088/1748-0221/18/02/P02004},
  year      = {2023},
  month     = {feb},
  publisher = {IOP Publishing},
  volume    = {18},
  number    = {02},
  pages     = {P02004},
  author    = {Wentai Luo and others},
  title     = {Reconstruction algorithm for a novel Cherenkov scintillation detector},
  journal   = {JINST}
}
@article{2013Photodetectors,
  title   = {{Photodetectors in Particle Physics Experiments}},
  author  = { KriAn, Peter  and  Korpar, Samo },
  journal = {Annual Review of Nuclear $\&$ Particle Science},
  volume  = {63},
  number  = {1},
  pages   = {329-349},
  year    = {2013}
}
@article{1955Scintillation,
  title     = {Scintillation spectrometer statistics},
  author    = {Breitenberger, Ernst},
  journal   = {Progress in nuclear physics},
  volume    = {4},
  pages     = {56--94},
  year      = {1955},
  publisher = {Pergamon, New York}
}
@article{Woodward,
  title   = {A statistical theory of cascade multiplication},
  volume  = {44},
  doi     = {10.1017/S0305004100024403},
  number  = {3},
  journal = {Mathematical Proceedings of the Cambridge Philosophical Society},
  author  = {Woodward, P. M.},
  year    = {1948},
  pages   = {404-412}
}
@article{Lehmann:2022ret,
  title        = {{Latest Technological Advances with MCP-PMTs}},
  author       = {Lehmann, A and others},
  booktitle    = {Journal of Physics: Conference Series},
  volume       = 2374,
  number       = 1,
  pages        = 012128,
  year         = 2022,
  organization = {IOP Publishing},
  journal      = {J. Phys.: Conf. Ser.},
  issn         = {1742-6596},
  month        = nov
}

@article{1994Absolute,
  title   = {Absolute calibration and monitoring of a spectrometric channel using a photomultiplier},
  journal = {Nucl. Instrum. Meth. A},
  volume  = {339},
  number  = {3},
  pages   = {468-476},
  year    = {1994},
  issn    = {0168-9002},
  doi     = {https://doi.org/10.1016/0168-9002(94)90183-X},
  url     = {https://www.sciencedirect.com/science/article/pii/016890029490183X},
  author  = {E.H. Bellamy and others}
}
@article{2019wenlj,
  title   = {{A quantitative approach to select PMTs for large detectors}},
  author  = { Wen, L. J.  and  others},
  journal = {Nucl. Instrum. Meth. A},
  volume  = {947},
  pages   = {162766-},
  year    = {2019}
}
@article{Xia_2015,
  doi       = {10.1088/1748-0221/10/03/P03023},
  url       = {https://dx.doi.org/10.1088/1748-0221/10/03/P03023},
  year      = {2015},
  month     = {Mar},
  publisher = {},
  volume    = {10},
  number    = {03},
  pages     = {P03023},
  author    = {J. Xia and others},
  title     = {A performance evaluation system for photomultiplier tubes},
  journal   = {JINST}
}
@article{JUNO:2022hlz,
  title         = {{Mass testing and characterization of 20-inch PMTs for JUNO}},
  collaboration = {JUNO},
  author        = {Abusleme, Angel and others},
  journal       = {The European Physical Journal C},
  volume        = {82},
  number        = {12},
  pages         = {1168},
  year          = {2022},
  publisher     = {Springer}
}
@article{Luo:2023jdf,
  title   = {{Design $\&$ Optimization of the HV divider for JUNO 20-inch PMT}},
  author  = {Luo, Feng-Jiao and others},
  journal = {arXiv preprint arXiv:2307.10544},
  year    = {2023}
}
@article{2021Gain,
  title     = {Gain and charge response of {20" MCP and dynode PMTs}},
  author    = {H.Q. Zhang and others},
  journal   = {JINST},
  volume    = {16},
  number    = {08},
  pages     = {T08009},
  year      = {2021},
  publisher = {IOP Publishing}
}
@inproceedings{2020Analysis,
  title        = {{Analysis of Secondary Electron Yield and Energy Spectrum of Metal Materials based on Furman Model}},
  author       = {Chen, Zecai and others},
  booktitle    = {2020 International Conference on Sensing, Measurement \& Data Analytics in the era of Artificial Intelligence (ICSMD)},
  pages        = {152--155},
  year         = {2020},
  organization = {IEEE}
}
#second electron emission

@book{bruining_physics_1954,
  title     = {Physics and Applications of Secondary Electron Emission},
  isbn      = {978-0-08-009014-6},
  pagetotal = 178,
  publisher = {Pergamon Press},
  author    = {Bruining, H.},
  date      = {1954-12-01},
  year      = 1954
}

@article{baroody1950theory,
  title     = {A theory of secondary electron emission from metals},
  author    = {Baroody, EM},
  journal   = {Physical Review},
  volume    = {78},
  number    = {6},
  pages     = {780},
  year      = {1950},
  publisher = {APS}
}
@article{dekker1952theory,
  title     = {Theory of the production of secondary electrons in solids},
  author    = {Dekker, AJ and Van der Ziel, A},
  journal   = {Physical Review},
  volume    = {86},
  number    = {5},
  pages     = {755},
  year      = {1952},
  publisher = {APS}
}
@article{wolff1954theory,
  title     = {Theory of Secondary Electron Cascade in Metals},
  author    = {Wolff, P. A.},
  journal   = {Phys. Rev.},
  volume    = {95},
  issue     = {1},
  pages     = {56--66},
  numpages  = {0},
  year      = {1954},
  month     = {Jul},
  publisher = {American Physical Society},
  doi       = {10.1103/PhysRev.95.56},
  url       = {https://link.aps.org/doi/10.1103/PhysRev.95.56}
}
@article{Kanaya_1978,
  doi     = {10.1088/0022-3727/11/17/015},
  url     = {https://dx.doi.org/10.1088/0022-3727/11/17/015},
  year    = 1978,
  month   = {dec},
  volume  = 11,
  number  = 17,
  pages   = 2425,
  author  = {Kanaya, K. and others},
  journal = {J. Phys. D: Appl. Phys.},
  title   = {Secondary electron emission from insulators}
}
@article{vaughan,
  author  = {Vaughan, J.R.M.},
  journal = {IEEE Transactions on Electron Devices},
  title   = {A new formula for secondary emission yield},
  year    = {1989},
  volume  = {36},
  number  = {9},
  pages   = {1963-1967},
  doi     = {10.1109/16.34278}
}
@article{2016zhangreview,
  title   = {{Review of Research on the Secondary Electron Emission Energy Spectrum}},
  author  = {Heng Zhang and Wan-zhao Cui},
  journal = {SPACE ELECTRONIC TECHNOLOGY},
  year    = {2016},
  volume  = {13},
  number  = {3},
  pages   = {7-15},
  month   = {1},
  doi     = {https://doi.org/10.3969/j.issn.1674-7135.2016.03.002}
}

@article{2002Probabilistic,
  title     = {Probabilistic model for the simulation of secondary electron emission},
  author    = {Furman, MA and Pivi, MTF},
  journal   = {Physical review special topics-accelerators and beams},
  volume    = {5},
  number    = {12},
  pages     = {124404},
  year      = {2002},
  publisher = {APS}
}
@article{OLANO2020103456,
  title   = {Energy spectra of secondary electrons in dielectric materials by charging analysis},
  journal = {Results in Physics},
  volume  = {19},
  pages   = {103456},
  year    = {2020},
  issn    = {2211-3797},
  doi     = {https://doi.org/10.1016/j.rinp.2020.103456},
  url     = {https://www.sciencedirect.com/science/article/pii/S2211379720319173},
  author  = {L. Olano and I. Montero}
}
@article{2021Effects,
  title     = {Effects of secondary electron emission yield properties on gain and timing performance of {ALD-coated MCP}},
  author    = {Guo, Lehui and others},
  journal   = {Nucl. Instrum. Meth. A},
  volume    = {1005},
  pages     = {165369},
  year      = {2021},
  publisher = {Elsevier}
}
#MCP-ALD
@article{reviewer1,
  author        = {Orlov, D.A. and others},
  title         = {{High collection efficiency MCPs for photon counting detectors}},
  eprint        = {1711.03897},
  archiveprefix = {arXiv},
  primaryclass  = {physics.ins-det},
  doi           = {10.1088/1748-0221/13/01/C01047},
  journal       = {JINST},
  volume        = {13},
  number        = {01},
  pages         = {C01047},
  year          = {2018}
}
@article{reviewer2,
  title   = {Nano-engineered ultra-high-gain microchannel plates},
  journal = {Nucl. Instrum. Meth. A},
  volume  = {607},
  number  = {1},
  pages   = {81-84},
  year    = {2009},
  note    = {Radiation Imaging Detectors 2008},
  issn    = {0168-9002},
  doi     = {https://doi.org/10.1016/j.nima.2009.03.134},
  url     = {https://www.sciencedirect.com/science/article/pii/S0168900209006093},
  author  = {D.R. Beaulieu and others}
}
@article{2016Single,
  title     = {{Single electron counting using a dual MCP assembly}},
  author    = {Yang, Yuzhen and others},
  journal   = {Nucl. Instrum. Meth. A},
  volume    = {830},
  pages     = {438--443},
  year      = {2016},
  publisher = {Elsevier}
}
@article{2017MCP,
  title     = {{MCP} performance improvement using alumina thin film},
  author    = {Yang, Yuzhen and others},
  journal   = {Nucl. Instrum. Meth. A},
  volume    = {868},
  pages     = {43--47},
  year      = {2017},
  publisher = {Elsevier}
}
@article{zzj2021Al,
  title   = {{Effect of Al2O3/MgO Composite Layer on the 
             Properties of Microchannel Plate}},
  author  = {Zhang, Zhengjun and others},
  journal = {Surface Technology},
  volume  = {50},
  number  = {6},
  pages   = {199--205},
  year    = {2021}
}
@article{2008Sharp,
  title     = {Sharp reduction of the secondary electron emission yield from grooved surfaces},
  author    = {Pivi, M and others},
  journal   = {Journal of Applied Physics},
  volume    = {104},
  number    = {10},
  year      = {2008},
  publisher = {AIP Publishing}
}
@article{2015Secondary,
  title     = {{Secondary electron emission from rough metal surfaces: A multi-generation model}},
  author    = {Cao, Meng and others},
  journal   = {Journal of Physics D: Applied Physics},
  volume    = {48},
  number    = {5},
  pages     = {055501},
  year      = {2015},
  publisher = {IOP Publishing}
}
@article{2021Summary,
  author        = {Wu, Q. and others},
  collaboration = {MCP-PMT workgroup},
  title         = {{Summary of the R\&D of 20-inch MCP-PMTs for neutrino detection}},
  doi           = {10.1088/1748-0221/16/11/C11003},
  journal       = {JINST},
  volume        = {16},
  number        = {11},
  pages         = {C11003},
  year          = {2021}
}
@article{2012An,
  title     = {{An Atomic Layer Deposition Method to Fabricate Economical and Robust Large Area Microchannel Plates for Photodetectors}},
  author    = { Mane, Anil U. and others},
  journal   = {Physics Procedia},
  volume    = {37},
  pages     = {722--732},
  year      = {2012},
  publisher = {Elsevier}
}
@article{N2006Lifetime,
  title     = {Lifetime of {MCP-PMT}},
  journal   = {Nucl. Instrum. Meth. A},
  volume    = {564},
  number    = {1},
  pages     = {204-211},
  year      = {2006},
  issn      = {0168-9002},
  doi       = {https://doi.org/10.1016/j.nima.2006.04.089},
  url       = {https://www.sciencedirect.com/science/article/pii/S0168900206006991},
  author    = {N. Kishimoto and others},
  publisher = {Elsevier}
}
@article{2016Optimization,
  title     = {Optimization of the electron collection efficiency of a large area {MCP-PMT} for the {JUNO} experiment},
  journal   = {Nucl. Instrum. Meth. A},
  volume    = {827},
  pages     = {124-130},
  year      = {2016},
  issn      = {0168-9002},
  doi       = {https://doi.org/10.1016/j.nima.2016.04.100},
  url       = {https://www.sciencedirect.com/science/article/pii/S0168900216303308},
  author    = {Lin Chen and others},
  publisher = {Elsevier}
}
@article{chen2018photoelectron,
  title     = {Photoelectron backscattering in the microchannel plate photomultiplier tube},
  author    = {Chen, Ping and others},
  journal   = {Nucl. Instrum. Meth. A},
  volume    = {912},
  pages     = {112--114},
  year      = {2018},
  publisher = {Elsevier}
}
@article{2015The,
  title   = {The study of the aging behavior on large area {MCP-PMT}},
  author  = { Wang, Wen Wen and others},
  journal = {Nuclear Science & Techniques},
  year    = {2015}
}
@article{Xu_2022,
  doi       = {10.1088/1748-0221/17/06/P06040},
  url       = {https://dx.doi.org/10.1088/1748-0221/17/06/P06040},
  year      = {2022},
  month     = {jun},
  publisher = {IOP Publishing},
  volume    = {17},
  number    = {06},
  pages     = {P06040},
  author    = {D.C. Xu and others},
  title     = {Towards the ultimate {PMT} waveform analysis for neutrino and dark matter experiments},
  journal   = {JINST}
}
@misc{Wang_2024,
  author        = {Wang, Yuyi and others},
  title         = {{{The Fast Stochastic Matching Pursuit for Neutrino and Dark Matter Experiments}}},
  eprint        = {2403.03156},
  archiveprefix = {arXiv},
  primaryclass  = {hep-ex},
  month         = {3},
  year          = {2024}
}

@article{2016Secondary,
  title     = {Secondary Electron Emission Materials for Transmission Dynodes in Novel Photomultipliers: A Review},
  author    = {Tao, Shu Xia and others},
  journal   = {Materials},
  volume    = {9},
  number    = {12},
  pages     = {1017},
  year      = {2016},
  publisher = {MDPI}
}
#chi
@article{2006Comparison,
  title   = {Comparison of weighted and unweighted histograms},
  author  = { Gagunashvili, N. D },
  journal = {Statistics},
  pages   = {43-44},
  year    = {2012}
}
@book{cowan1997statistical,
  title     = {{Statistical Data Analysis}},
  author    = {Cowan, Glen},
  year      = {1997},
  edition   = {Illustrated edition},
  publisher = {Oxford University Press},
  address   = {Oxford: New York}
}
@book{Gelman_Hill_2006,
  place      = {Cambridge},
  series     = {Analytical Methods for Social Research},
  title      = {{Data Analysis Using Regression and Multilevel/Hierarchical Models}},
  publisher  = {Cambridge University Press},
  author     = {Gelman, Andrew and Hill, Jennifer},
  year       = {2006},
  collection = {Analytical Methods for Social Research}
}

#Gamma
@article{2020A,
  title     = {A fast numerical method for photomultiplier tube calibration},
  author    = {Kalousis, LN and others},
  journal   = {JINST},
  volume    = {15},
  number    = {03},
  pages     = {P03023},
  year      = {2020},
  publisher = {IOP Publishing}
}
@article{polya,
  title     = {A statistical model for photomultiplier single-electron statistics},
  author    = {Prescott, JR},
  journal   = {Nuclear Instruments and Methods},
  volume    = {39},
  number    = {1},
  pages     = {173--179},
  year      = {1966},
  publisher = {Elsevier}
}

@phdthesis{2012Calibration,
  author = {Kalousis, Leonidas},
  title  = {Calibration of the {Double Chooz} detector and cosmic background studies},
  school = {University of Strasbourg},
  year   = 2012
}

#SEY
@article{1988Secondary,
  title     = {Secondary electron emission studies on {MgO} films},
  author    = {Ushio, Y and others},
  journal   = {Thin Solid Films},
  volume    = {167},
  number    = {1-2},
  pages     = {299--308},
  year      = {1988},
  publisher = {Elsevier}
}
@article{1938Secondary,
  title     = {{Secondary electron emission: Part I. Secondary electron emission of metals}},
  author    = {Bruining, H and De Boer, JH},
  journal   = {Physica},
  volume    = {5},
  number    = {1},
  pages     = {17--30},
  year      = {1938},
  publisher = {Elsevier}
}
@article{1966Secondary,
  title     = {Secondary electron emission yields of some ceramics},
  author    = {Dawson, PH},
  journal   = {Journal of Applied Physics},
  volume    = {37},
  number    = {9},
  pages     = {3644--3645},
  year      = {1966},
  publisher = {American Institute of Physics}
}
}
@article{2012Secondary,
  title     = {{Secondary Electron Yield of Emissive Materials for Large-Area Micro-Channel Plate Detectors: Surface Composition and Film Thickness Dependencies}},
  author    = { Jokela, Slade J.  and  others },
  journal   = {Physics Procedia},
  volume    = {37},
  pages     = {740--747},
  year      = {2012},
  publisher = {Elsevier}
}

@article{branchandPoisson,
  title        = {A statistical model of the photomultiplier gain process with applications to optical pulse detection},
  author       = {Tan, Harry H},
  year         = 1982,
  month        = apr,
  journal      = {The Telecommunications and Data Acquisition Report},
  organization = {International Foundation for Telemetering},
  url          = {http://hdl.handle.net/10150/612894}
}

@book{Bartlett1963TheTO,
  title     = {{The Theory of Branching Processes}},
  author    = {M. S. Bartlett and Theodore Edward Harris},
  year      = {1963},
  url       = {https://api.semanticscholar.org/CorpusID:90485223},
  publisher = {Springer Berlin}
}

#Tweedie
@book{1991Tweedie,
  title     = {{The Theory of Dispersion Models}},
  author    = {Jorgensen, B.},
  isbn      = {9780412997112},
  lccn      = {97198569},
  url       = {https://books.google.co.jp/books?id=0gO7bgs_eSYC},
  year      = {1997},
  publisher = {Taylor \& Francis}
}

#MC
@article{1951Various,
  title   = {Various techniques used in connection with random digits},
  author  = {Neumann, Von},
  journal = {Notes by GE Forsythe},
  pages   = {36--38},
  year    = {1951}
}
#use
@article{MATSUOKA2014148,
  title     = {{Development and production of the MCP-PMT for the Belle II TOP counter}},
  journal   = {Nucl. Instrum. Meth. A},
  volume    = {766},
  pages     = {148--151},
  year      = {2014},
  publisher = {Elsevier},
  doi       = {https://doi.org/10.1016/j.nima.2014.05.003},
  url       = {https://www.sciencedirect.com/science/article/pii/S0168900214005026},
  author    = {K. Matsuoka}
}
@article{Cao2019UpgradingPT,
  title        = {{Upgrading Plan Towards Multi-messenger Observation with LHAASO}},
  author       = {Zhen Cao and others},
  journal      = {EPJ Web of Conferences},
  year         = {2019},
  url          = {https://api.semanticscholar.org/CorpusID:181399433},
  organization = {EDP Sciences}
}
@article{ZHU2020162002,
  title   = {The mass production and batch test result of {20" MCP-PMTs}},
  journal = {Nucl. Instrum. Meth. A},
  volume  = {952},
  pages   = {162002},
  year    = {2020},
  note    = {10th International Workshop on Ring Imaging Cherenkov Detectors (RICH 2018)},
  issn    = {0168-9002},
  doi     = {https://doi.org/10.1016/j.nima.2019.03.057},
  url     = {https://www.sciencedirect.com/science/article/pii/S0168900219303833},
  author  = {Yao Zhu and others}
}
@article{KRAUSS2023168659,
  title     = {{Performance of the most recent Microchannel-Plate PMTs for the PANDA DIRC detectors at FAIR}},
  journal   = {Nucl. Instrum. Meth. A},
  volume    = {1057},
  pages     = {168659},
  year      = {2023},
  issn      = {0168-9002},
  publisher = {Elsevier},
  doi       = {https://doi.org/10.1016/j.nima.2023.168659},
  url       = {https://www.sciencedirect.com/science/article/pii/S0168900223006496},
  author    = {S. Krauss and others}
}
#光阴极
@article{Nathan1970TheED,
  title     = {{The energy distribution of photoelectrons from the K2CsSb photocathode}},
  author    = {Nathan, R and Mee, CHB},
  journal   = {physica status solidi (a)},
  volume    = {2},
  number    = {1},
  pages     = {67--72},
  year      = {1970},
  publisher = {Wiley Online Library},
  url       = {https://api.semanticscholar.org/CorpusID:97164824}
}

@book{beck_physical_1966,
  title      = {Physical {Electronics}: {Handbook} of {Vacuum} {Physics}},
  isbn       = {978-1-4831-8092-2},
  shorttitle = {Physical {Electronics}},
  language   = {en},
  publisher  = {Elsevier},
  author     = {Beck, A. H.},
  year       = 1966
}

@book{folding,
  editor    = {Behnke, Olaf and Kr\"oninger, Kevin and Sch\"orner-Sadenius, Thomas and Schott, Gregory},
  title     = {{Data analysis in high energy physics}: {A practical guide to statistical methods}},
  isbn      = {978-3-527-41058-3, 978-3-527-65344-7, 978-3-527-65343-0},
  publisher = {Wiley-VCH},
  address   = {Weinheim, Germany},
  year      = {2013}
}


@article{zhangkun1994,
  author     = {张昆 and 冯立群 and 余昌钰 and others},
  title      = {机器人柔性手腕的球面齿轮设计研究},
  journal    = {清华大学学报: 自然科学版},
  volume     = {34},
  number     = {2},
  pages      = {1--7},
  year       = {1994},
  key        = {zhang1 kun1},
}

@book{zhukezhen1973,
  author     = {竺可桢},
  title      = {物理学论},
  address    = {北京},
  publisher  = {科学出版社},
  year       = {1973},
  pages      = {56--60},
  key        = {zhu2 ke3 zhen1},
}

@inproceedings{dupont1974bone,
  author     = {Dupont, B},
  title      = {Bone marrow transplantation in severe combined immunodeficiency with an unrelated MLC compatible donor},
  editor     = {White, H J and Smith, R},
  booktitle  = {Proceedings of the third annual meeting of the International Society for Experimental Hematology},
  address    = {Houston},
  publisher  = {International Society for Experimental Hematology},
  year       = {1974},
  pages      = {44--46},
}

@mastersthesis{zhengkaiqing1987,
  author     = {郑开青},
  title      = {通讯系统模拟及软件},
  address    = {北京},
  school     = {清华大学无线电系},
  year       = {1987},
  key        = {zheng4 kai1 qing1},
}

@patent{jiangxizhou1980,
  author     = {姜锡洲},
  title      = {一种温热外敷药制备方案},
  address    = {中国},
  number     = {88105607.3},
  year       = {1980},
  date       = {1980-07-26},
  key        = {jiang1 xi1 zhou1},
}

@standard{jianduju1994,
  author     = {中华人民共和国国家技术监督局},
  title      = {GB3100-3102. 中华人民共和国国家标准-量与单位},
  address    = {北京},
  publisher  = {中国标准出版社},
  year       = {1994},
  key        = {zhong1 hua2 ren2 min2 gong4 he2 guo2},
}

@article{merkt1995rotational,
  author     = {Merkt, Fr{\'e}d{\'e}ric and Mackenzie, S R and Softley, Timothy P},
  title      = {Rotational Autoionization Dynamics in High Rydberg States of Nitrogen},
  journal    = {J Chem Phys},
  year       = {1995},
  volume     = {103},
  pages      = {4509--4518},
}

@article{mellinger1996laser,
  author     = {Mellinger, A and Vidal, C R and Jungen, {Ch}},
  title      = {Laser reduced fluorescence study of the carbon monoxide nd triplet Rydberg series - Experimental results and multichannel quantum defect analysis},
  journal    = {J Chem Phys},
  year       = {1996},
  volume     = {104},
  pages      = {8913--8921},
}

@article{bixon1996dynamics,
  author     = {Bixon, M and Jortner, Joshua},
  title      = {The dynamics of predissociating high {Rydberg} states of {NO}},
  journal    = {J Chem Phys},
  year       = {1996},
  volume     = {105},
  pages      = {1363--1382},
}

@article{mahui1995,
  author     = {马辉 and 李俭 and 刘耀明 and others},
  title      = {利用 {REMPI} 方法测量 {BaF} 高里德堡系列光谱},
  journal    = {化学物理学报},
  year       = {1995},
  volume     = {8},
  pages      = {308--311},
  key        = {ma3 hui1},
}

@article{carlson1981two,
  author     = {Carlson, N W and Taylor, A J and Jones, K M and Schawlow, A L},
  title      = {Two-step polarization-labeling spectroscopy of excited states of {Na2}},
  journal    = {Phys Rev A},
  year       = {1981},
  volume     = {24},
  pages      = {822--834},
}

@article{taylor1983scanning,
  author     = {Taylor, A J and Jones, K M and Schawlow, A L},
  title      = {Scanning pulsed-polarization spectrometer applied to {Na2}},
  journal    = {J Opt Soc Am},
  year       = {1983},
  volume     = {73},
  pages      = {994--998},
}

@article{taylor1981study,
  author     = {Taylor, A J and Jones, K M and Schawlow, A L},
  title      = {A study of the excited {1$\Sigma$g+} states in {Na2}},
  journal    = {Opt Commun},
  year       = {1981},
  volume     = {39},
  pages      = {47--50},
}

@article{shimizu1983laser,
  author     = {Shimizu, Kazuko and Shimizu, Fujio},
  title      = {Laser induced fluorescence spectra of the a {3$\Pi$u--X 1$\Sigma$g+} band of {Na2} by molecular beam},
  journal    = {J Chem Phys},
  year       = {1983},
  volume     = {78},
  pages      = {1126--1131},
}

@article{atkinson1982experimental,
  author     = {Atkinson, J B and Becker, J and Demtr{\"o}der, W},
  title      = {Experimental observation of the a {3$\Pi$u} state of {Na2}},
  journal    = {Chem Phys Lett},
  year       = {1982},
  volume     = {87},
  pages      = {92--97},
}

@article{kusch1975perturbations,
  author     = {Kusch, P and Hessel, M M},
  title      = {Perturbations in the A {1$\Sigma$u+} state of {Na2}},
  journal    = {J Chem Phys},
  year       = {1975},
  volume     = {63},
  pages      = {4087--4088},
}

@book{guangxi1993,
  author     = {广西壮族自治区林业厅},
  title      = {广西自然保护区},
  address    = {北京},
  publisher  = {中国林业出版社},
  year       = {1993},
  key        = {guang3 xi1 zhuang4 zu2 zi4 zhi4 qu1},
}

@book{huosini1989guwu,
  author     = {霍斯尼},
  title      = {谷物科学与工艺学原理},
  translator = {李庆龙},
  edition    = {2},
  address    = {北京},
  publisher  = {中国食品出版社},
  year       = {1989},
  pages      = {15--20},
  key        = {huo4 si1 ni2},
}

@book{wangfuzhi1865songlun,
  author     = {王夫之},
  title      = {宋论},
  edition    = {刻本},
  address    = {金陵},
  publisher  = {曾氏},
  year       = {1865（清同治四年）},
  key        = {wang2 fu1 zhi1},
}

@book{zhaoyaodong1998xinshidai,
  author     = {赵耀东},
  title      = {新时代的工业工程师},
  address    = {台北},
  publisher  = {天下文化出版社},
  year       = {1998},
  urldate    = {1998-09-26},
  url        = {http://www.ie.nthu.edu.tw/info/ie.newie.htm},
  key        = {zhao4 yao4 dong1},
}

@standard{biaozhunhua2002tushu,
  author     = {全国信息与文献工作标准化技术委员会出版物格式分委员会},
  title      = {GB/T 12450-2001 图书书名页},
  address    = {北京},
  publisher  = {中国标准出版社},
  year       = {2002},
  pages      = {1},
  key        = {quan2 guo2 xin4 xi1},
}

@book{chubanzhuanye2004,
  author     = {全国出版专业职业资格考试办公室},
  title      = {全国出版专业职业资格考试辅导教材: 出版专业理论与实务•中级},
  edition    = {2014},
  address    = {上海},
  publisher  = {上海辞书出版社},
  year       = {2004},
  pages      = {299--307},
  key        = {quan2 guo2 chu1 ban3 ye4},
}

@techreport{who1970factors,
  author     = {{World Health Organization}},
  title      = {Factors Regulating the Immune Response: Report of {WHO Scientific Group}},
  address    = {Geneva},
  publisher  = {WHO},
  year       = {1970},
}

@book{peebles2001probability,
  author     = {Peebles, Jr, Peyton Z.},
  title      = {Probability, Random Variables, and Random Signal Principles},
  edition    = {4},
  address    = {New York},
  publisher  = {McGraw Hill},
  year       = {2001},
}

@incollection{baishunong1998zhiwu,
  author     = {白书农},
  title      = {植物开花研究},
  editor     = {李承森},
  booktitle  = {植物科学进展},
  address    = {北京},
  publisher  = {高等教育出版社},
  year       = {1998},
  pages      = {146--163},
  key        = {bai2 shu1 nong2},
}

@incollection{weinstein1974pathogenic,
  author     = {Weinstein, L and Swertz, M N},
  title      = {Pathogenic Properties of Invading Microorganism},
  editor     = {Sodeman, Jr, William A and Sodeman, William A},
  booktitle  = {Pathologic physiology: mechanisms of disease},
  address    = {Philadelphia},
  publisher  = {Saunders},
  year       = {1974},
  pages      = {745--772},
}

@inproceedings{hanjiren1985lun,
  author     = {韩吉人},
  title      = {论职工教育的特点},
  editor     = {中国职工教育研究会},
  booktitle  = {职工教育研究论文集},
  address    = {北京},
  publisher  = {人民教育出版社},
  year       = {1985},
  pages      = {90--99},
  key        = {han2 ji2 ren2},
}

@periodical{dizhi1936dizhi,
  author     = {中国地质学会},
  title      = {地质评论},
  year       = {1936},
  volume     = {1},
  number     = {1},
  address    = {北京},
  publisher  = {地质出版社},
  key        = {zhong1 guo2 di4 zhi3 xue2 hui4},
}

@periodical{tushuguan1957tushuguanxue,
  author     = {中国图书馆学会},
  title      = {图书馆学通讯},
  year       = {1957/1990},
  number     = {1--4},
  address    = {北京},
  publisher  = {北京图书馆},
  key        = {zhong1 guo2 tu2 shu1 guan3 xue2 hui4},
}

@periodical{aaas1883science,
  author     = {{American Association for the Advancement of Science}},
  title      = {Science},
  year       = {1883},
  volume     = {1},
  number     = {1},
  address    = {Washington, D.C.},
  publisher  = {American Association for the Advancement of Science},
}

@newspaper{fugang2000fengsha,
  author     = {傅刚 and 赵承 and 李佳路},
  title      = {大风沙过后的思考},
  journal    = {北京青年报},
  year       = {2000},
  date       = {2000-04-12},
  number     = {14},
  urldate    = {2002-03-06},
  url        = {http://www.bjyouth.com.cn/Bqb/20000412/B/4216%5ED0412B1401.htm},
  key        = {fu4 gang1},
}

@online{xiaoyu2001chubanye,
  author     = {萧钰},
  title      = {出版业信息化迈入快车道},
  year       = {2001},
  date       = {2001-12-19},
  urldate    = {2002-04-15},
  url        = {http://www.creader.com/news/20011219/200112190019.htm},
  key        = {xiao1 yu4},
}

@online{oclc2000about,
  author     = {{Online Computer Library Center, Inc}},
  title      = {About {OCLC}: History of Cooperation},
  year       = {2000},
  urldate    = {2000-01-08},
  url        = {http://www.oclc.org/about/cooperation.en.htm},
}

@software{scitor2000project,
  author     = {{Scitor Corporation}},
  title      = {Project scheduler},
  address    = {Sunnyvale, Calif.},
  publisher  = {Scitor Corporation},
  year       = {1983},
  medium     = {DK},
}
